<?xml version="1.0" encoding="UTF-8"?>
<!-- 
This is a subset of the  Gemeinsame Normdatei (GND) a collection of authority records
provided by the German National Library. (http://www.dnb.de/EN/Home/home_node.html)
The GND is published with the CC0 license (https://creativecommons.org/publicdomain/zero/1.0/)
The data was downloaded 2017-03-09
-->
<collection xmlns="http://www.loc.gov/MARC21/slim">
  <record type="Authority">
    <leader>00000nz  a2200000n  4500</leader>
    <controlfield tag="001">040000028</controlfield>
    <controlfield tag="003">DE-101</controlfield>
    <controlfield tag="005">20100106125650.0</controlfield>
    <controlfield tag="008">880701n||azznnbabn           | ana    |c</controlfield>
    <datafield tag="024" ind1="7" ind2=" ">
      <subfield code="a">http://d-nb.info/gnd/4000002-3</subfield>
      <subfield code="2">uri</subfield>
    </datafield>
    <datafield tag="035" ind1=" " ind2=" ">
      <subfield code="a">(DE-101)040000028</subfield>
    </datafield>
    <datafield tag="035" ind1=" " ind2=" ">
      <subfield code="a">(DE-588)4000002-3</subfield>
    </datafield>
    <datafield tag="035" ind1=" " ind2=" ">
      <subfield code="z">(DE-588c)4000002-3</subfield>
      <subfield code="9">v:zg</subfield>
    </datafield>
    <datafield tag="040" ind1=" " ind2=" ">
      <subfield code="a">DE-101</subfield>
      <subfield code="9">r:DE-101</subfield>
      <subfield code="b">ger</subfield>
      <subfield code="d">0832</subfield>
    </datafield>
    <datafield tag="065" ind1=" " ind2=" ">
      <subfield code="a">31.9b</subfield>
      <subfield code="2">sswd</subfield>
    </datafield>
    <datafield tag="079" ind1=" " ind2=" ">
      <subfield code="a">g</subfield>
      <subfield code="b">s</subfield>
      <subfield code="c">1</subfield>
      <subfield code="q">s</subfield>
    </datafield>
    <datafield tag="083" ind1="0" ind2="4">
      <subfield code="a">621.381537</subfield>
      <subfield code="9">d:2</subfield>
      <subfield code="9">t:2010-01-06</subfield>
      <subfield code="2">22/ger</subfield>
    </datafield>
    <datafield tag="150" ind1=" " ind2=" ">
      <subfield code="a">A 302 D</subfield>
    </datafield>
    <datafield tag="550" ind1=" " ind2=" ">
      <subfield code="0">(DE-101)040272427</subfield>
      <subfield code="0">(DE-588)4027242-4</subfield>
      <subfield code="0">http://d-nb.info/gnd/4027242-4</subfield>
      <subfield code="a">Integrierte Schaltung</subfield>
      <subfield code="9">4:obal</subfield>
      <subfield code="w">r</subfield>
      <subfield code="i">Oberbegriff allgemein</subfield>
    </datafield>
    <datafield tag="670" ind1=" " ind2=" ">
      <subfield code="a">Vorlage</subfield>
    </datafield>
    <datafield tag="913" ind1=" " ind2=" ">
      <subfield code="S">swd</subfield>
      <subfield code="i">s</subfield>
      <subfield code="a">A 302 D</subfield>
      <subfield code="0">(DE-588c)4000002-3</subfield>
    </datafield>
  </record>