
  <record type="Authority">
    <leader>00000nz  a2200000n  4500</leader>
    <controlfield tag="001">040000230</controlfield>
    <controlfield tag="003">DE-101</controlfield>
    <controlfield tag="005">20130917120701.0</controlfield>
    <controlfield tag="008">880701n||azznnbabn           | ana    |c</controlfield>
    <datafield tag="024" ind1="7" ind2=" ">
      <subfield code="a">http://d-nb.info/gnd/4000023-0</subfield>
      <subfield code="2">uri</subfield>
    </datafield>
    <datafield tag="035" ind1=" " ind2=" ">
      <subfield code="a">(DE-101)040000230</subfield>
    </datafield>
    <datafield tag="035" ind1=" " ind2=" ">
      <subfield code="a">(DE-588)4000023-0</subfield>
    </datafield>
    <datafield tag="035" ind1=" " ind2=" ">
      <subfield code="z">(DE-588c)4000023-0</subfield>
      <subfield code="9">v:zg</subfield>
    </datafield>
    <datafield tag="040" ind1=" " ind2=" ">
      <subfield code="a">DE-101</subfield>
      <subfield code="9">r:DE-101</subfield>
      <subfield code="b">ger</subfield>
      <subfield code="d">1250</subfield>
    </datafield>
    <datafield tag="043" ind1=" " ind2=" ">
      <subfield code="c">XA-CH-AG</subfield>
    </datafield>
    <datafield tag="065" ind1=" " ind2=" ">
      <subfield code="a">17.1</subfield>
      <subfield code="2">sswd</subfield>
    </datafield>
    <datafield tag="079" ind1=" " ind2=" ">
      <subfield code="a">g</subfield>
      <subfield code="b">s</subfield>
      <subfield code="c">1</subfield>
      <subfield code="q">s</subfield>
      <subfield code="u">w</subfield>
      <subfield code="v">sie</subfield>
    </datafield>
    <datafield tag="083" ind1="0" ind2="4">
      <subfield code="z">5</subfield>
      <subfield code="a">35</subfield>
      <subfield code="9">t:2009-11-12</subfield>
      <subfield code="2">22/ger</subfield>
    </datafield>
    <datafield tag="150" ind1=" " ind2=" ">
      <subfield code="a">Aargauer</subfield>
    </datafield>
    <datafield tag="551" ind1=" " ind2=" ">
      <subfield code="0">(DE-101)040000222</subfield>
      <subfield code="0">(DE-588)4000022-9</subfield>
      <subfield code="0">http://d-nb.info/gnd/4000022-9</subfield>
      <subfield code="a">Aargau</subfield>
      <subfield code="9">4:vbal</subfield>
      <subfield code="w">r</subfield>
      <subfield code="i">Verwandter Begriff</subfield>
    </datafield>
    <datafield tag="670" ind1=" " ind2=" ">
      <subfield code="a">Vorlage</subfield>
    </datafield>
    <datafield tag="680" ind1=" " ind2=" ">
      <subfield code="a">Benutzt für Aargauer ausserhalb des Aargaus</subfield>
    </datafield>
    <datafield tag="913" ind1=" " ind2=" ">
      <subfield code="S">swd</subfield>
      <subfield code="i">g</subfield>
      <subfield code="a">Aargauer</subfield>
      <subfield code="0">(DE-588c)4000023-0</subfield>
    </datafield>
  </record>