
  <record type="Authority">
    <leader>00000nz  a2200000n  4500</leader>
    <controlfield tag="001">040000443</controlfield>
    <controlfield tag="003">DE-101</controlfield>
    <controlfield tag="005">20161216221740.0</controlfield>
    <controlfield tag="008">880701n||azznnbabn           | ana    |c</controlfield>
    <datafield tag="024" ind1="7" ind2=" ">
      <subfield code="a">http://d-nb.info/gnd/4000044-8</subfield>
      <subfield code="2">uri</subfield>
    </datafield>
    <datafield tag="035" ind1=" " ind2=" ">
      <subfield code="a">(DE-101)040000443</subfield>
    </datafield>
    <datafield tag="035" ind1=" " ind2=" ">
      <subfield code="a">(DE-588)4000044-8</subfield>
    </datafield>
    <datafield tag="035" ind1=" " ind2=" ">
      <subfield code="z">(DE-588c)4000044-8</subfield>
      <subfield code="9">v:zg</subfield>
    </datafield>
    <datafield tag="040" ind1=" " ind2=" ">
      <subfield code="a">DE-101</subfield>
      <subfield code="9">r:DE-101</subfield>
      <subfield code="b">ger</subfield>
      <subfield code="d">9999</subfield>
    </datafield>
    <datafield tag="065" ind1=" " ind2=" ">
      <subfield code="a">28</subfield>
      <subfield code="2">sswd</subfield>
    </datafield>
    <datafield tag="079" ind1=" " ind2=" ">
      <subfield code="a">g</subfield>
      <subfield code="b">s</subfield>
      <subfield code="c">1</subfield>
      <subfield code="q">s</subfield>
      <subfield code="u">w</subfield>
      <subfield code="v">saz</subfield>
    </datafield>
    <datafield tag="083" ind1="0" ind2="4">
      <subfield code="a">511.326</subfield>
      <subfield code="9">d:2</subfield>
      <subfield code="9">t:2007-01-01</subfield>
      <subfield code="2">22/ger</subfield>
    </datafield>
    <datafield tag="150" ind1=" " ind2=" ">
      <subfield code="a">Abbildung</subfield>
      <subfield code="g">Mathematik</subfield>
    </datafield>
    <datafield tag="670" ind1=" " ind2=" ">
      <subfield code="a">M 2., Au=DB</subfield>
    </datafield>
    <datafield tag="750" ind1=" " ind2="7">
      <subfield code="a">Mappings (Mathematics)</subfield>
      <subfield code="0">(DLC)sh 85080857</subfield>
      <subfield code="0">http://lccn.loc.gov/sh85080857</subfield>
      <subfield code="2">lcsh</subfield>
      <subfield code="9">v:MACS-Mapping. Bitte keine Änderungen vornehmen.</subfield>
    </datafield>
    <datafield tag="750" ind1=" " ind2="7">
      <subfield code="a">Applications (mathématiques)</subfield>
      <subfield code="0">(FrPBN)FRBNF131631609</subfield>
      <subfield code="0">http://data.bnf.fr/13163160</subfield>
      <subfield code="2">ram</subfield>
      <subfield code="9">v:MACS-Mapping. Bitte keine Änderungen vornehmen.</subfield>
    </datafield>
    <datafield tag="913" ind1=" " ind2=" ">
      <subfield code="S">swd</subfield>
      <subfield code="i">s</subfield>
      <subfield code="a">Abbildung &lt;Mathematik&gt;</subfield>
      <subfield code="0">(DE-588c)4000044-8</subfield>
    </datafield>
  </record>