
  <record type="Authority">
    <leader>00000nz  a2200000n  4500</leader>
    <controlfield tag="001">040000567</controlfield>
    <controlfield tag="003">DE-101</controlfield>
    <controlfield tag="005">20161216222034.0</controlfield>
    <controlfield tag="008">880701n||azznnbabn           | ana    |c</controlfield>
    <datafield tag="024" ind1="7" ind2=" ">
      <subfield code="a">http://d-nb.info/gnd/4000056-4</subfield>
      <subfield code="2">uri</subfield>
    </datafield>
    <datafield tag="035" ind1=" " ind2=" ">
      <subfield code="a">(DE-101)040000567</subfield>
    </datafield>
    <datafield tag="035" ind1=" " ind2=" ">
      <subfield code="a">(DE-588)4000056-4</subfield>
    </datafield>
    <datafield tag="035" ind1=" " ind2=" ">
      <subfield code="z">(DE-588c)4000056-4</subfield>
      <subfield code="9">v:zg</subfield>
    </datafield>
    <datafield tag="040" ind1=" " ind2=" ">
      <subfield code="a">DE-101</subfield>
      <subfield code="9">r:DE-101</subfield>
      <subfield code="b">ger</subfield>
      <subfield code="d">9999</subfield>
    </datafield>
    <datafield tag="065" ind1=" " ind2=" ">
      <subfield code="a">8.4</subfield>
      <subfield code="2">sswd</subfield>
    </datafield>
    <datafield tag="079" ind1=" " ind2=" ">
      <subfield code="a">g</subfield>
      <subfield code="b">s</subfield>
      <subfield code="c">1</subfield>
      <subfield code="q">s</subfield>
      <subfield code="u">w</subfield>
      <subfield code="u">z</subfield>
      <subfield code="v">saz</subfield>
    </datafield>
    <datafield tag="083" ind1="0" ind2="4">
      <subfield code="a">623.4516</subfield>
      <subfield code="9">d:2</subfield>
      <subfield code="9">t:2007-01-01</subfield>
      <subfield code="2">22/ger</subfield>
    </datafield>
    <datafield tag="083" ind1="0" ind2="4">
      <subfield code="a">358.3</subfield>
      <subfield code="9">d:3</subfield>
      <subfield code="9">t:2007-01-01</subfield>
      <subfield code="2">22/ger</subfield>
    </datafield>
    <datafield tag="083" ind1="0" ind2="4">
      <subfield code="a">327.1745</subfield>
      <subfield code="9">d:2</subfield>
      <subfield code="9">t:2007-01-01</subfield>
      <subfield code="2">22/ger</subfield>
    </datafield>
    <datafield tag="150" ind1=" " ind2=" ">
      <subfield code="a">ABC-Waffen</subfield>
    </datafield>
    <datafield tag="450" ind1=" " ind2=" ">
      <subfield code="a">Kampfstoff</subfield>
    </datafield>
    <datafield tag="450" ind1=" " ind2=" ">
      <subfield code="a">ABC-Waffe</subfield>
    </datafield>
    <datafield tag="450" ind1=" " ind2=" ">
      <subfield code="a">CBRN-Waffe</subfield>
    </datafield>
    <datafield tag="450" ind1=" " ind2=" ">
      <subfield code="a">CBRN-Waffen</subfield>
    </datafield>
    <datafield tag="550" ind1=" " ind2=" ">
      <subfield code="0">(DE-101)040642283</subfield>
      <subfield code="0">(DE-588)4064228-8</subfield>
      <subfield code="0">http://d-nb.info/gnd/4064228-8</subfield>
      <subfield code="a">Waffe</subfield>
      <subfield code="9">4:obge</subfield>
      <subfield code="w">r</subfield>
      <subfield code="i">Oberbegriff generisch</subfield>
    </datafield>
    <datafield tag="550" ind1=" " ind2=" ">
      <subfield code="0">(DE-101)041972228</subfield>
      <subfield code="0">(DE-588)4197222-3</subfield>
      <subfield code="0">http://d-nb.info/gnd/4197222-3</subfield>
      <subfield code="a">Massenvernichtungswaffe</subfield>
      <subfield code="9">4:vbal</subfield>
      <subfield code="w">r</subfield>
      <subfield code="i">Verwandter Begriff</subfield>
    </datafield>
    <datafield tag="667" ind1=" " ind2=" ">
      <subfield code="a">Ansetzung im Plural einvernehmlich bestätigt (Sept.1995). Beispiel in RSWK 3. Aufl.</subfield>
    </datafield>
    <datafield tag="670" ind1=" " ind2=" ">
      <subfield code="a">M</subfield>
    </datafield>
    <datafield tag="670" ind1=" " ind2=" ">
      <subfield code="a">RSWK § 302.3</subfield>
    </datafield>
  </record>