
  <record type="Authority">
    <leader>00000nz  a2200000n  4500</leader>
    <controlfield tag="001">040000664</controlfield>
    <controlfield tag="003">DE-101</controlfield>
    <controlfield tag="005">20131022171401.0</controlfield>
    <controlfield tag="008">880701n||azznnbabn           | ana    |c</controlfield>
    <datafield tag="024" ind1="7" ind2=" ">
      <subfield code="a">http://d-nb.info/gnd/4000066-7</subfield>
      <subfield code="2">uri</subfield>
    </datafield>
    <datafield tag="035" ind1=" " ind2=" ">
      <subfield code="a">(DE-101)040000664</subfield>
    </datafield>
    <datafield tag="035" ind1=" " ind2=" ">
      <subfield code="a">(DE-588)4000066-7</subfield>
    </datafield>
    <datafield tag="035" ind1=" " ind2=" ">
      <subfield code="z">(DE-588c)4000066-7</subfield>
      <subfield code="9">v:zg</subfield>
    </datafield>
    <datafield tag="040" ind1=" " ind2=" ">
      <subfield code="a">DE-101</subfield>
      <subfield code="9">r:DE-101</subfield>
      <subfield code="b">ger</subfield>
      <subfield code="d">9002</subfield>
    </datafield>
    <datafield tag="065" ind1=" " ind2=" ">
      <subfield code="a">31.3b</subfield>
      <subfield code="2">sswd</subfield>
    </datafield>
    <datafield tag="079" ind1=" " ind2=" ">
      <subfield code="a">g</subfield>
      <subfield code="b">s</subfield>
      <subfield code="c">1</subfield>
      <subfield code="q">s</subfield>
      <subfield code="u">w</subfield>
      <subfield code="u">z</subfield>
    </datafield>
    <datafield tag="083" ind1="0" ind2="4">
      <subfield code="a">691.99</subfield>
      <subfield code="9">d:2</subfield>
      <subfield code="9">t:2007-01-01</subfield>
      <subfield code="2">22/ger</subfield>
    </datafield>
    <datafield tag="083" ind1="0" ind2="4">
      <subfield code="a">625.735</subfield>
      <subfield code="9">d:2</subfield>
      <subfield code="9">t:2007-01-01</subfield>
      <subfield code="2">22/ger</subfield>
    </datafield>
    <datafield tag="083" ind1="0" ind2="4">
      <subfield code="a">620.199</subfield>
      <subfield code="9">d:2</subfield>
      <subfield code="9">t:2007-01-01</subfield>
      <subfield code="2">22/ger</subfield>
    </datafield>
    <datafield tag="083" ind1="0" ind2="4">
      <subfield code="a">624.1899</subfield>
      <subfield code="9">d:1</subfield>
      <subfield code="9">t:2007-01-01</subfield>
      <subfield code="2">22/ger</subfield>
    </datafield>
    <datafield tag="083" ind1="0" ind2="4">
      <subfield code="a">668.38</subfield>
      <subfield code="9">d:2</subfield>
      <subfield code="9">t:2007-01-01</subfield>
      <subfield code="2">22/ger</subfield>
    </datafield>
    <datafield tag="150" ind1=" " ind2=" ">
      <subfield code="a">Abdichtungsstoff</subfield>
    </datafield>
    <datafield tag="550" ind1=" " ind2=" ">
      <subfield code="0">(DE-101)041496299</subfield>
      <subfield code="0">(DE-588)4149629-2</subfield>
      <subfield code="0">http://d-nb.info/gnd/4149629-2</subfield>
      <subfield code="a">Dichtungsmasse</subfield>
      <subfield code="9">4:vbal</subfield>
      <subfield code="w">r</subfield>
      <subfield code="i">Verwandter Begriff</subfield>
    </datafield>
    <datafield tag="670" ind1=" " ind2=" ">
      <subfield code="a">Bau-W</subfield>
    </datafield>
    <datafield tag="750" ind1=" " ind2="7">
      <subfield code="a">Sealing compounds</subfield>
      <subfield code="0">(DLC)sh 85119313</subfield>
      <subfield code="0">http://lccn.loc.gov/sh85119313</subfield>
      <subfield code="2">lcsh</subfield>
      <subfield code="9">v:MACS-Mapping. Bitte keine Änderungen vornehmen.</subfield>
    </datafield>
    <datafield tag="750" ind1=" " ind2="7">
      <subfield code="a">Produits d'étanchéité</subfield>
      <subfield code="0">(FrPBN)FRBNF119803124</subfield>
      <subfield code="0">http://data.bnf.fr/11980312</subfield>
      <subfield code="2">ram</subfield>
      <subfield code="9">v:MACS-Mapping. Bitte keine Änderungen vornehmen.</subfield>
    </datafield>
    <datafield tag="913" ind1=" " ind2=" ">
      <subfield code="S">swd</subfield>
      <subfield code="i">s</subfield>
      <subfield code="a">Abdichtungsstoff</subfield>
      <subfield code="0">(DE-588c)4000066-7</subfield>
    </datafield>
  </record>