
  <record type="Authority">
    <leader>00000nz  a2200000n  4500</leader>
    <controlfield tag="001">040000818</controlfield>
    <controlfield tag="003">DE-101</controlfield>
    <controlfield tag="005">20131022171401.0</controlfield>
    <controlfield tag="008">880701n||azznnbabn           | ana    |c</controlfield>
    <datafield tag="024" ind1="7" ind2=" ">
      <subfield code="a">http://d-nb.info/gnd/4000081-3</subfield>
      <subfield code="2">uri</subfield>
    </datafield>
    <datafield tag="035" ind1=" " ind2=" ">
      <subfield code="a">(DE-101)040000818</subfield>
    </datafield>
    <datafield tag="035" ind1=" " ind2=" ">
      <subfield code="a">(DE-588)4000081-3</subfield>
    </datafield>
    <datafield tag="035" ind1=" " ind2=" ">
      <subfield code="z">(DE-588c)4000081-3</subfield>
      <subfield code="9">v:zg</subfield>
    </datafield>
    <datafield tag="040" ind1=" " ind2=" ">
      <subfield code="a">DE-101</subfield>
      <subfield code="9">r:DE-101</subfield>
      <subfield code="b">ger</subfield>
      <subfield code="d">9002</subfield>
    </datafield>
    <datafield tag="065" ind1=" " ind2=" ">
      <subfield code="a">3.4b</subfield>
      <subfield code="2">sswd</subfield>
    </datafield>
    <datafield tag="065" ind1=" " ind2=" ">
      <subfield code="a">3.5a</subfield>
      <subfield code="2">sswd</subfield>
    </datafield>
    <datafield tag="079" ind1=" " ind2=" ">
      <subfield code="a">g</subfield>
      <subfield code="b">s</subfield>
      <subfield code="c">1</subfield>
      <subfield code="q">s</subfield>
      <subfield code="u">w</subfield>
      <subfield code="v">szz</subfield>
    </datafield>
    <datafield tag="083" ind1="0" ind2="4">
      <subfield code="a">234.163</subfield>
      <subfield code="9">d:3</subfield>
      <subfield code="9">t:2007-01-01</subfield>
      <subfield code="2">22/ger</subfield>
    </datafield>
    <datafield tag="083" ind1="0" ind2="4">
      <subfield code="a">264.3</subfield>
      <subfield code="9">d:2</subfield>
      <subfield code="9">t:2007-01-01</subfield>
      <subfield code="2">22/ger</subfield>
    </datafield>
    <datafield tag="083" ind1="0" ind2="4">
      <subfield code="a">264.36</subfield>
      <subfield code="9">d:3</subfield>
      <subfield code="9">t:2007-01-01</subfield>
      <subfield code="2">22/ger</subfield>
    </datafield>
    <datafield tag="150" ind1=" " ind2=" ">
      <subfield code="a">Abendmahl</subfield>
    </datafield>
    <datafield tag="450" ind1=" " ind2=" ">
      <subfield code="a">Herrenmahl</subfield>
    </datafield>
    <datafield tag="530" ind1=" " ind2="0">
      <subfield code="0">(DE-101)943231620</subfield>
      <subfield code="0">(DE-588)4361798-0</subfield>
      <subfield code="0">http://d-nb.info/gnd/4361798-0</subfield>
      <subfield code="a">&#152;Das&#156; letzte Abendmahl</subfield>
      <subfield code="9">4:vbal</subfield>
      <subfield code="w">r</subfield>
      <subfield code="i">Verwandter Begriff</subfield>
    </datafield>
    <datafield tag="550" ind1=" " ind2=" ">
      <subfield code="0">(DE-101)040513424</subfield>
      <subfield code="0">(DE-588)4051342-7</subfield>
      <subfield code="0">http://d-nb.info/gnd/4051342-7</subfield>
      <subfield code="a">Sakrament</subfield>
      <subfield code="9">4:obal</subfield>
      <subfield code="w">r</subfield>
      <subfield code="i">Oberbegriff allgemein</subfield>
    </datafield>
    <datafield tag="550" ind1=" " ind2=" ">
      <subfield code="0">(DE-101)040156443</subfield>
      <subfield code="0">(DE-588)4015644-8</subfield>
      <subfield code="0">http://d-nb.info/gnd/4015644-8</subfield>
      <subfield code="a">Eucharistie</subfield>
      <subfield code="9">4:vbal</subfield>
      <subfield code="w">r</subfield>
      <subfield code="i">Verwandter Begriff</subfield>
    </datafield>
    <datafield tag="550" ind1=" " ind2=" ">
      <subfield code="0">(DE-101)040318907</subfield>
      <subfield code="0">(DE-588)4031890-4</subfield>
      <subfield code="0">http://d-nb.info/gnd/4031890-4</subfield>
      <subfield code="a">Kommunion</subfield>
      <subfield code="9">4:vbal</subfield>
      <subfield code="w">r</subfield>
      <subfield code="i">Verwandter Begriff</subfield>
    </datafield>
    <datafield tag="670" ind1=" " ind2=" ">
      <subfield code="a">B 1986</subfield>
    </datafield>
    <datafield tag="750" ind1=" " ind2="7">
      <subfield code="a">Lord's Supper</subfield>
      <subfield code="0">(DLC)sh 85078354</subfield>
      <subfield code="0">http://lccn.loc.gov/sh85078354</subfield>
      <subfield code="2">lcsh</subfield>
      <subfield code="9">v:MACS-Mapping. Bitte keine Änderungen vornehmen.</subfield>
    </datafield>
    <datafield tag="750" ind1=" " ind2="7">
      <subfield code="a">Eucharistie</subfield>
      <subfield code="0">(FrPBN)FRBNF119552939</subfield>
      <subfield code="0">http://data.bnf.fr/11955293</subfield>
      <subfield code="2">ram</subfield>
      <subfield code="9">v:MACS-Mapping. Bitte keine Änderungen vornehmen.</subfield>
    </datafield>
    <datafield tag="750" ind1=" " ind2="7">
      <subfield code="a">Eucharistie -- Églises protestantes</subfield>
      <subfield code="0">(FrPBN)FRBNF119604485</subfield>
      <subfield code="0">http://data.bnf.fr/11960448</subfield>
      <subfield code="2">ram</subfield>
      <subfield code="9">v:MACS-Mapping. Bitte keine Änderungen vornehmen.</subfield>
    </datafield>
    <datafield tag="913" ind1=" " ind2=" ">
      <subfield code="S">swd</subfield>
      <subfield code="i">s</subfield>
      <subfield code="a">Abendmahl</subfield>
      <subfield code="0">(DE-588c)4000081-3</subfield>
    </datafield>
  </record>